@misc{yolo,
  doi       = {10.48550/ARXIV.1506.02640},
  url       = {https://arxiv.org/abs/1506.02640},
  author    = {Redmon, Joseph and Divvala, Santosh and Girshick, Ross and Farhadi, Ali},
  keywords  = {Computer Vision and Pattern Recognition (cs.CV), FOS: Computer and information sciences, FOS: Computer and information sciences},
  title     = {You Only Look Once: Unified, Real-Time Object Detection},
  publisher = {arXiv},
  year      = {2015},
  copyright = {arXiv.org perpetual, non-exclusive license}
}
